/home/mm/bibfiles/ck.bib