% This file was created with JabRef 2.6.
% Encoding: ISO8859_1

@STRING{agu = {AGU}}

@STRING{am = {Am. Min.}}

@STRING{cup = {Cambridge Univ. Press}}

@STRING{epsl = {Earth Planet. Sci. Lett.}}

@STRING{g3 = {Geochem. Geophys. Geosys.}}

@STRING{gca = {Geochim. Cosmochim. Acta}}

@STRING{gji = {Geophys. J. Int.}}

@STRING{gms = {Geophys. Mon. Ser.}}

@STRING{grl = {Geophys. Res. Lett.}}

@STRING{gsa = {}}

@STRING{jgr = {J. Geophys. Res.}}

@STRING{oup = {Oxford Univ. Press}}

@STRING{pepi = {Phys. Earth Planet. Int.}}

@STRING{ptrsa = {Phil. Trans. Royal Soc. A: Math. Phys. Engng. Sci.}}

@STRING{rg = {Rev. Geophys.}}

@STRING{rgsp = {Rev. Geophys. Space Phys.}}

@STRING{rmg = {Rev. Min. Geochem.}}

@ARTICLE{Loyce_Adams_and_Zhilin_Li,
  author = {Loyce Adams and Zhilin Li},
  title = {The Immersed Interface/Multigrid Methods for Interface Problems},
  journal = {SIAM J. Sci. Comput.},
  year = {2002},
  volume = {24},
  pages = {463--479},
  number = {2},
  address = {Philadelphia, PA, USA},
  doi = {http://dx.doi.org/10.1137/S1064827501389849},
  issn = {1064-8275},
  publisher = {Society for Industrial and Applied Mathematics}
}

@ARTICLE{Albers,
  author = {{Albers Michael}},
  title = {A Local Mesh Refinement Multigrid Method for 3-D Convection Problems
	with Strongly Variable Viscosity},
  journal = {Journal of Computational Physics},
  year = {2000},
  volume = {160},
  pages = {126-150}
}

@ARTICLE{alcouffe1981,
  author = {R. E. Alcouffe and Achi Brandt and J. E. Dendy, Jr. and J. W. Painter},
  title = {The Multi-Grid Method for the Diffusion Equation with Strongly Discontinuous
	Coefficients},
  journal = {SIAM Journal on Scientific and Statistical Computing},
  year = {1981},
  volume = {2},
  pages = {430-454},
  number = {4},
  doi = {10.1137/0902035},
  keywords = {multi-grid method; diffusion equation; discontinuous coefficients},
  publisher = {SIAM},
  url = {http://link.aip.org/link/?SCE/2/430/1}
}

@ARTICLE{Krechel_Stueben_Parllel_AMG_based_on_subdomain_blocking,
  author = {{Arnold Krechel and Klaus Stüben}},
  title = {Parallel algebraic multigrid based on subdomain blocking},
  journal = {Parallel Computing},
  year = {2001},
  volume = {27},
  pages = {1009-1031},
  doi = {http://dx.doi.org/10.1016/S0167-8191(01)00080-1 }
}

@MISC{petsc-web-page,
  author = {Satish Balay and Kris Buschelman and William D. Gropp and Dinesh
	Kaushik and Matthew G. Knepley and Lois Curfman McInnes and Barry
	F. Smith and Hong Zhang},
  title = {{PETSc} {W}eb page},
  year = {2001},
  note = {http://www.mcs.anl.gov/petsc}
}

@ARTICLE{barth2004taxonomy,
  author = {Barth, T. and Bochev, P. and Gunzburger, M. and Shadid, J.},
  title = {{A taxonomy of consistently stabilized finite element methods for
	the Stokes problem}},
  journal = {SIAM Journal on Scientific Computing},
  year = {2004},
  volume = {25},
  pages = {1585--1607},
  number = {5},
  issn = {1064-8275},
  publisher = {Philadelphia, PA: SIAM, c1993-}
}

@MISC{bastian97ug,
  author = {P. Bastian and K. Birken and K. Johannsen and S. Lang and N. Neuss
	and H. RentzReichert and C. Wieners},
  title = {UG -- a flexible software toolbox for solving partial differential
	equations},
  year = {1997},
  text = {P. Bastian, K. Birken, K. Johannsen, S. Lang, N. Neuß, H. RentzReichert,
	and C. Wieners. UG -- a flexible software toolbox for solving partial
	differential equations. Comput. Visual. Sci., 1:27--40, 1997.},
  url = {citeseer.ist.psu.edu/bastian97ug.html}
}

@PHDTHESIS{BaumgardnerDiss,
  author = {John Baumgardner},
  title = {A Three-Dimensional Finite Element Model for Mantle Convection},
  school = {University of California, Los Angeles},
  year = {1983}
}

@ARTICLE{BaumgardnerFrederickson,
  author = {John R. Baumgardner and Paul O. Frederickson},
  title = {{Icosahedral discretization of the two-sphere}},
  journal = {SIAM J. Numer. Anal.},
  year = {1985},
  volume = {22},
  pages = {1107-1115}
}

@BOOK{BeckTDD,
  title = {Test-driven development},
  publisher = {Addison-Wesley Longman Publishing Co., Inc. },
  year = {2003},
  author = {Kent Beck},
  address = {Boston, MA, USA}
}

@ARTICLE{bernardi_Generalized_Inf-Sup_Conditions_for_Chebyshev_Spectral_Approximation_of_the_Stokes_Problem,
  author = {Christine Bernardi and Claudio Canuto and Yvon Maday},
  title = {Generalized Inf-Sup Conditions for Chebyshev Spectral Approximation
	of the Stokes Problem},
  journal = {SIAM Journal on Numerical Analysis},
  year = {1988},
  volume = {25},
  pages = {1237-1271},
  number = {6},
  doi = {10.1137/0725070},
  keywords = {Navier--Stokes equations; spectral methods; Chebyshev collocation;
	inf-sup condition},
  publisher = {SIAM}
}

@ARTICLE{bernardi_Finite_Element_Approximation_of_Viscous_Flows_with_Varying_Density,
  author = {Christine Bernardi and Fr\'{e}d\'{e}ric Laval and Brigitte M\'{e}tivet
	and Bernadette Pernaud-Thomas},
  title = {Finite Element Approximation of Viscous Flows with Varying Density},
  journal = {SIAM Journal on Numerical Analysis},
  year = {1992},
  volume = {29},
  pages = {1203-1243},
  number = {5},
  doi = {10.1137/0729073},
  keywords = {viscous flows; varying density; finite elements},
  publisher = {SIAM}
}

@ARTICLE{bochev2007stabilization,
  author = {Bochev, P.B. and Dohrmann, C.R. and Gunzburger, M.D.},
  title = {{Stabilization of low-order mixed finite elements for the Stokes
	equations}},
  journal = {SIAM Journal on Numerical Analysis},
  year = {2007},
  volume = {44},
  pages = {82--101},
  number = {1},
  issn = {0036-1429},
  publisher = {[Philadelphia, Pa.]: The Society.}
}

@ARTICLE{Boland_Nicolaides_Stability_of_Finite_Elements_under_Divergence_Constraints_Macroelements,
  author = {J. M. Boland and R. A. Nicolaides},
  title = {Stability of Finite Elements under Divergence Constraints},
  journal = {SIAM Journal on Numerical Analysis},
  year = {1983},
  volume = {20},
  pages = {722-731},
  number = {4},
  doi = {10.1137/0720048},
  publisher = {SIAM},
  url = {http://link.aip.org/link/?SNA/20/722/1}
}

@ARTICLE{D_Braess_and_R_Sarazin_An_efficient_smoother_for_the_Stokes_problem,
  author = {D. Braess and R. Sarazin},
  title = {An efficient smoother for the Stokes problem},
  journal = {Appl. Numer. Math.},
  year = {1997},
  volume = {23},
  pages = {3--19},
  number = {1},
  address = {Amsterdam, The Netherlands, The Netherlands},
  doi = {http://dx.doi.org/10.1016/S0168-9274(96)00059-1},
  issn = {0168-9274},
  publisher = {Elsevier Science Publishers B. V.}
}

@ARTICLE{Brezzi1974existence,
  author = {Brezzi, F.},
  title = {{On the existence, uniqueness and approximation of saddle-point problems
	arising from Lagrangian multipliers}},
  journal = {RAIRO Anal. Numer},
  year = {1974},
  volume = {8},
  pages = {129--151},
  number = {2}
}

@BOOK{Briggs_Henson_McCormick_A_multigrid_tutorial,
  title = {A multigrid tutorial: second edition},
  publisher = {Society for Industrial and Applied Mathematics},
  year = {2000},
  author = {William L. Briggs and Van Emden Henson and Steve F. McCormick},
  address = {Philadelphia, PA, USA},
  isbn = {0-89871-462-1}
}

@ARTICLE{Bunge_Baumgardner_1995_Mantle_convection_modeling_on_parallel_virtual_machines,
  author = {{Bunge}, H.-P. and {Baumgardner}, J.~R.},
  title = {{Mantle convection modeling on parallel virtual machines}},
  journal = {Computers in Physics},
  year = {1995},
  volume = {9},
  pages = {207-215},
  month = mar,
  adsnote = {Provided by the SAO/NASA Astrophysics Data System},
  adsurl = {http://adsabs.harvard.edu/abs/1995ComPh...9..207B}
}

@ARTICLE{BussePatterns_of_convection_in_spherical_shells,
  author = {{Busse}, F.~H.},
  title = {{Patterns of convection in spherical shells}},
  journal = {Journal of Fluid Mechanics},
  year = {2006},
  volume = {72},
  pages = {67-+},
  month = mar,
  adsnote = {Provided by the SAO/NASA Astrophysics Data System},
  adsurl = {http://adsabs.harvard.edu/abs/2006JFM....72...67B},
  doi = {10.1017/S0022112075002947}
}

@ARTICLE{Qianshun_Chang_and_Zhaohui_Huang,
  author = {Qianshun Chang and Zhaohui Huang},
  title = {Efficient Algebraic Multigrid Algorithms and Their Convergence},
  journal = {SIAM J. Sci. Comput.},
  year = {2002},
  volume = {24},
  pages = {597--618},
  number = {2},
  address = {Philadelphia, PA, USA},
  doi = {http://dx.doi.org/10.1137/S1064827501389850},
  issn = {1064-8275},
  publisher = {Society for Industrial and Applied Mathematics}
}

@ARTICLE{Zming_Chen_Shibin_Dai,
  author = {Zhiming Chen and Shibin Dai},
  title = {On the Efficiency of Adaptive Finite Element Methods for Elliptic
	Problems with Discontinuous Coefficients},
  journal = {SIAM J. Sci. Comput.},
  year = {2002},
  volume = {24},
  pages = {443--462},
  number = {2},
  address = {Philadelphia, PA, USA},
  doi = {http://dx.doi.org/10.1137/S1064827501383713},
  issn = {1064-8275},
  publisher = {Society for Industrial and Applied Mathematics}
}

@INPROCEEDINGS{Andrew_J_Cleary_Robert_D_Falgout_Van_Enden_Henson_Jim_E_Jones_Coarse-Grid_Selection_for_Parallel_Algebraic_Multigrid,
  author = {Andrew J. Cleary and Robert D. Falgout and Van Enden Henson and Jim
	E. Jones},
  title = {Coarse-Grid Selection for Parallel Algebraic Multigrid},
  booktitle = {Workshop on Parallel Algorithms for Irregularly Structured Problems},
  year = {1998},
  pages = {104-115},
  url = {citeseer.ist.psu.edu/cleary98coarsegrid.html}
}

@ARTICLE{SchoetzauSchwabStenberg,
  author = {{D. Schötzau, C. Schwab, R. Stenberg}},
  title = {Mixed hp-FEM on anisotropic meshes II: Hanging nodes and tensor products
	of boundary layer meshes},
  journal = {Numerische Mathematik},
  year = {1999},
  volume = {83},
  pages = {667-697}
}

@ARTICLE{SchoetzauSchwab,
  author = {{D. Schötzau, C. Schwab}},
  title = {On the inf-sup condition for mixed hp-FEM on meshes with hanging
	nodes},
  journal = {Mathematical Models and Methods in Applied Sciences},
  year = {1998},
  volume = {8},
  pages = {787-820}
}

@ARTICLE{Dendy-black-box-multigrid,
  author = {{Dendy}, Jr., J.~E.},
  title = {{Black Box Multigrid}},
  journal = {Journal of Computational Physics},
  year = {1982},
  volume = {48},
  pages = {366-+},
  month = dec,
  adsnote = {Provided by the SAO/NASA Astrophysics Data System},
  adsurl = {http://adsabs.harvard.edu/abs/1982JCoPh..48..366D}
}

@MISC{Dune-web-page,
  author = {Dune},
  title = {{Dune} {W}eb page},
  year = {2001},
  note = {www.dune-project.org/}
}

@ARTICLE{Falgout_A_note_on_the_relationship_between_adaptive_AMG_and_PCG,
  author = {R.D. Falgout},
  title = {A note on the relationship between adaptive AMG and PCG},
  journal = {Lawrence Livermore National Laboratory (LLNL), Livermore, CA Report
	UCRL-TR-205838},
  year = {August, 2004},
  doi = {10.2172/15014614}
}

@BOOK{BrezziFortin,
  title = {Mixed and Hybrid Finite Element Methods},
  publisher = {Springer-Verlag New York, Berlin, Heidelberg},
  year = {1991},
  author = {{Franco Brezzi, Michel Fortin}}
}

@ARTICLE{Haase_Parallel_AMG_on_Distributed_Memory_Computers,
  author = {G. Haase},
  title = {A parallel {AMG} for overlapping and non-overlapping domain decomposition},
  journal = {Elect. Trans. Numer. Anal.},
  year = {2000},
  volume = {10},
  pages = {41--55},
  url = {citeseer.ist.psu.edu/article/haase00parallel.html}
}

@ARTICLE{Parallel_Algebraic_Multigrid_Methods_on_Distributed_Memory_Computers,
  author = {Gundolf Haase and Michael Kuhn and Stefan Reitzinger},
  title = {Parallel Algebraic Multigrid Methods on Distributed Memory Computers},
  journal = {SIAM J. Sci. Comput.},
  year = {2002},
  volume = {24},
  pages = {410--427},
  number = {2},
  address = {Philadelphia, PA, USA},
  doi = {http://dx.doi.org/10.1137/S1064827501386237},
  issn = {1064-8275},
  publisher = {Society for Industrial and Applied Mathematics}
}

@BOOK{Hackbusch-85,
  title = {Multi-Grid Methods and Applications},
  publisher = {Springer},
  year = {1985},
  author = {Wolfgang Hackbusch},
  edition = {first}
}

@ARTICLE{BoomerAMG,
  author = {Van Emden Henson and Ulrike Meier Yang},
  title = {BoomerAMG: a parallel algebraic multigrid solver and preconditioner},
  journal = {Appl. Numer. Math.},
  year = {2002},
  volume = {41},
  pages = {155--177},
  number = {1},
  address = {Amsterdam, The Netherlands, The Netherlands},
  doi = {http://dx.doi.org/10.1016/S0168-9274(01)00115-5},
  issn = {0168-9274},
  publisher = {Elsevier Science Publishers B. V.}
}

@ARTICLE{HeuvelineSchieweck_hp_Hanging_Nodes,
  author = {{Heuveline V. ,Schieweck F. }},
  title = {On the inf-sup condition for mixed hp-FEM on meshes with hanging
	nodes},
  journal = {ESAIM Mathematical Modelling and Numerical Analysis},
  year = {2007},
  volume = {41},
  pages = {1-20}
}

@BOOK{ElmanSylvesterWathen,
  title = {Finite Elements and Fast Iterative Solvers},
  publisher = {Oxford University Press},
  year = {2005},
  author = {{Howard C. Elman, David J. Silvester and Andrew J. Wathen}}
}

@ARTICLE{BaumgardnerYang1995_A_preliminary_study_of_the_effects_of_some_flow_parameters_in_the_generation_of_poloidal_and_toroidal_energies_within_a_3-D_spherical_thermal-convective_system_with_variable_viscosity,
  author = {{Hsui}, A.~T. and {Yang}, W.-S. and {Baumgardner}, J.~R.},
  title = {{A preliminary study of the effects of some flow parameters in the
	generation of poloidal and toroidal energies within a 3-D spherical
	thermal-convective system with variable viscosity}},
  journal = {Pure and Applied Geophysics},
  year = {1995},
  volume = {145},
  pages = {487-503},
  month = sep,
  adsnote = {Provided by the SAO/NASA Astrophysics Data System},
  adsurl = {http://adsabs.harvard.edu/abs/1995PApGe.145..487H},
  doi = {10.1007/BF00879585},
  keywords = {Poloidal and toroidal energies, thermal convection, variable viscosity}
}

@BOOK{PragmaticProgrammer,
  title = {The pragmatic programmer: from journeyman to master},
  publisher = {Addison-Wesley Longman Publishing Co., Inc.},
  year = {1999},
  author = {Andrew Hunt and David Thomas},
  address = {Boston, MA, USA},
  isbn = {0-201-61622-X}
}

@ARTICLE{Dendy1988Black_box_multigrid_for_periodic_and_singular_problems,
  author = {J. E. Dendy, Jr.},
  title = {Black box multigrid for periodic and singular problems},
  journal = {Appl. Math. Comput.},
  year = {1988},
  volume = {25},
  pages = {1--10},
  number = {1},
  address = {New York, NY, USA},
  doi = {http://dx.doi.org/10.1016/0096-3003(88)90060-4},
  issn = {0096-3003},
  publisher = {Elsevier Science Inc.}
}

@ARTICLE{Dendy-2-multigrid,
  author = {J. E. Dendy, Jr.},
  title = {Two Multigrid Methods for Three-Dimensional Problems with Discontinuous
	and Anisotropic Coefficients},
  journal = {SIAM Journal on Scientific and Statistical Computing},
  year = {1987},
  volume = {8},
  pages = {673-685},
  number = {5},
  doi = {10.1137/0908059},
  keywords = {multigrid method; diffusion equation; three-dimensional; discontinuous
	coefficients},
  publisher = {SIAM},
  url = {http://link.aip.org/link/?SCE/8/673/1}
}

@ARTICLE{Karato_Li_1992_Diffusion_Creep_in_Perovskite_Implications_for_the_Rheology_of_the_Lower_Mantle,
  author = {{Karato}, S.-I. and {Li}, P.},
  title = {{Diffusion Creep in Perovskite: Implications for the Rheology of
	the Lower Mantle}},
  journal = {Science},
  year = {1992},
  volume = {255},
  pages = {1238-1240},
  month = mar,
  adsnote = {Provided by the SAO/NASA Astrophysics Data System},
  adsurl = {http://adsabs.harvard.edu/abs/1992Sci...255.1238K}
}

@ARTICLE{Karato1993_Rheology_of_the_upper_mantle_A_synthesis,
  author = {{Karato}, S.-I. and {Wu}, P.},
  title = {{Rheology of the upper mantle: A synthesis}},
  journal = {Science},
  year = {1993},
  volume = {260},
  pages = {771-778},
  month = may,
  adsnote = {Provided by the SAO/NASA Astrophysics Data System},
  adsurl = {http://adsabs.harvard.edu/abs/1993Sci...260..771K}
}

@ARTICLE{Wesseling-Khalil,
  author = {M. Khalil and P. Wesseling},
  title = {Vertex-centered and cell-centered multigrid for interface problems},
  journal = {J. Comput. Phys.},
  year = {1992},
  volume = {98},
  pages = {1--10},
  number = {1},
  address = {San Diego, CA, USA},
  doi = {http://dx.doi.org/10.1016/0021-9991(92)90168-X},
  issn = {0021-9991},
  publisher = {Academic Press Professional, Inc.}
}

@ARTICLE{Barry_Koren_Multigrid_and_defect_correction_for_the_steady_Navier-Stokes_equations,
  author = {Barry Koren},
  title = {Multigrid and defect correction for the steady Navier-Stokes equations},
  journal = {J. Comput. Phys.},
  year = {1990},
  volume = {87},
  pages = {25--46},
  number = {1},
  address = {San Diego, CA, USA},
  doi = {http://dx.doi.org/10.1016/0021-9991(90)90223-N},
  issn = {0021-9991},
  publisher = {Academic Press Professional, Inc.}
}

@BOOK{ladyzhenskaya,
  title = {The mathematical theory of viscous incompressible flow},
  publisher = { Gordon and Breach Science Publishers (New York-London)},
  year = {1963},
  author = {OA Ladyzhenskaya}
}

@ARTICLE{Larin_Ruesken_A_comparative_study_of_efficient_iterative_solvers_for_generalized_Stokes_equations,
  author = {{Larin, M. and Reusken, A.}},
  title = {{A comparative study of efficient iterative solvers for generalized
	Stokes equations}},
  journal = {NUMERICAL LINEAR ALGEBRA WITH APPLICATIONS},
  year = {2008},
  volume = {15},
  pages = {13-34},
  number = {1},
  publisher = {{John Wiley \& Sons, Ltd}}
}

@MISC{ALUGrid-web-page,
  author = {Abteilung für angewandte Mathematik Albert-Ludwigs-Universität
	Freiburg},
  title = {{ALUGrid} {W}eb page},
  year = {2001},
  note = {www.mathematik.uni-freiburg.de/IAM/Research/alugrid/}
}

@ARTICLE{G_Matthies_and_L_Tobiska_The_inf_sup_condition_for_the_mapped_Qk_Pk_1disc_element_in_arbitrary_space_dimensions,
  author = {G. Matthies and L. Tobiska},
  title = {The inf-sup condition for the mapped $Q_k - P_{k-1 disc}$ element
	in arbitrary space dimensions},
  journal = {Computing},
  year = {2002},
  volume = {69},
  pages = {119--139},
  number = {2},
  address = {New York, NY, USA},
  doi = {http://dx.doi.org/10.1007/s00607-002-1451-3},
  issn = {0010-485X},
  publisher = {Springer-Verlag New York, Inc.}
}

@PHDTHESIS{Diss,
  author = {Markus Müller},
  title = {Towards a robust Terra},
  school = {Friedrich-Schiller-Universität Jena},
  year = {2008}
}

@ARTICLE{Naik_Naom_Rosendale_Van1993_The_Improved_Robustness_of_Multigrid_Elliptic_Solvers_Based_on_Multiple_Semicoarsened_Grids,
  author = {Naik, Naomi H. and Rosendale, John Van},
  title = {The Improved Robustness of Multigrid Elliptic Solvers Based on Multiple
	Semicoarsened Grids},
  journal = {SIAM Journal on Numerical Analysis},
  year = {1993},
  volume = {30},
  pages = {215--229},
  number = {1},
  abstract = {Multigrid convergence rates degenerate on problems with stretched
	grids or anisotropic operators, unless one uses line or plane relaxation.
	For three-dimensional problems, only plane relaxation suffices, in
	general. While line and plane relaxation algorithms are efficient
	on sequential machines, they are quite awkward and inefficient on
	parallel machines. This paper presents a new multigrid algorithm,
	based on the use of multiple coarse grids, that eliminates the need
	for line or plane relaxation in anisotropic problems. This algorithm
	is developed, and the standard multigrid theory is extended to establish
	rapid convergence for this class of algorithms. The new algorithm
	uses only point relaxation, allowing easy and efficient parallel
	implementation, yet achieves robustness and convergence rates comparable
	to line and plane relaxation multigrid algorithms. The algorithm
	described here is a variant of Mulder's multigrid algorithm [W. Mulder,
	J. Comput. Phys., 83 (1989), pp. 303-323] for hyperbolic problems.
	The latter uses multiple coarse grids to achieve robustness, and
	appears to work on elliptic as well as hyperbolic problems, though
	it is more complex than the algorithm proposed here, and its rapid
	convergence has never been proven. The new algorithm combines the
	contributions from the multiple coarse grids via a local "switch,"
	based on the strength of the discrete operator in each coordinate
	direction. This improvement allows us to show that the V-cycle convergence
	rate is uniformly bounded away from one, on model anisotropic problems.
	Moreover, the new algorithm can be combined with the idea of concurrent
	iteration on all multigrid levels to yield a highly parallel algorithm
	for strongly anisotropic problems.},
  copyright = {Copyright © 1993 Society for Industrial and Applied Mathematics},
  issn = {00361429},
  jstor_articletype = {primary_article},
  jstor_formatteddate = {Feb., 1993},
  publisher = {Society for Industrial and Applied Mathematics},
  url = {http://www.jstor.org/stable/2158103}
}

@BOOK{Ladyzhenskaya,
  title = {The Mathematical Theory of Viscous Incompressible Flow},
  publisher = {Gordon and Breach New York},
  year = {1969},
  author = {{O.A. Ladyzhenskaya}}
}

@ARTICLE{Reusken_Olshanskii_2004_Analysis_of_a_Stokes_interface_problem,
  author = {Maxim A. Olshanskii and Arnold Reusken},
  title = {Analysis of a Stokes interface problem},
  journal = {Numer. Math.},
  year = {2006},
  volume = {103},
  pages = {129--149},
  number = {1},
  address = {Secaucus, NJ, USA},
  doi = {http://dx.doi.org/10.1007/s00211-005-0646-x},
  issn = {0029-599X},
  publisher = {Springer-Verlag New York, Inc.}
}

@BOOK{Patankar_1980_Numerical_heat_transfer_and_fluid_flow,
  title = {{Numerical heat transfer and fluid flow}},
  publisher = {Washington, DC, Hemisphere Publishing Corp., 1980.~210 p.},
  year = {1980},
  author = {{Patankar}, S.~V.},
  adsnote = {Provided by the SAO/NASA Astrophysics Data System},
  adsurl = {http://adsabs.harvard.edu/abs/1980wdch.book.....P},
  keywords = {COMPUTATIONAL FLUID DYNAMICS, HEAT TRANSFER, NUMERICAL ANALYSIS, ALGORITHMS,
	BOUNDARY VALUE PROBLEMS, CONDUCTIVE HEAT TRANSFER, CONVECTION, COORDINATES,
	DIFFERENTIAL EQUATIONS, DIFFUSION, DISCRETE FUNCTIONS, DUCTED FLOW,
	FLOW CHARACTERISTICS, FLOW DISTRIBUTION, PIPE FLOW, THRUST AUGMENTATION,
	TURBULENT JETS, VORTICES}
}

@ARTICLE{CourantFriedrichsLewyEnglish,
  author = {R. Courant, K. Friedrichs and H. Lewy},
  title = { {On the partial difference equations of mathematical physics}},
  journal = {IBM Journal},
  year = {1967},
  pages = {215-234},
  month = march
}

@ARTICLE{CourantFriedrichsLewy,
  author = {R. Courant, K. Friedrichs and H. Lewy},
  title = { {Über die partiellen Differenzengleichungen der mathematischen
	Physik}},
  journal = {Mathematische Annalen},
  year = {1928},
  volume = {100},
  pages = { 32–74},
  number = {1}
}

@BOOK{Temam,
  title = {Navier-Stokes Equations},
  publisher = {North-Holland,Amsterdam},
  year = {1977},
  author = {{R. Temam}}
}

@ARTICLE{Ranalli1991_The_microphysical_approach_to_mantle_rheology,
  author = {G. Ranalli},
  title = {The microphysical approach to mantle rheology},
  journal = {Glacial Isostacy, Sea Level and Mantle Rheology, ed. R. Sabadini
	Kluwer Academic Publishers, Dordrecht},
  year = {1991},
  pages = {343-78}
}

@MISC{RannacherVN2,
  author = {Rolf Rannacher},
  title = {{Numerische Mathematik 2 (Numerik partieller Differentialgleichungen)
	Vorlesungsscriptum} },
  year = {2004}
}

@PHDTHESIS{SchmachtelDiss,
  author = {Rainer Schmachtel},
  title = {Robuste lineare und nichtlineare Lösungsverfahren für die inkompressiblen
	Navier-Stokes-Gleichungen},
  school = {Universität Dortmund},
  year = {2003}
}

@BOOK{schwarz-88,
  title = {Einf"urung in \TeX},
  publisher = {Addison-Wesley (Deutschland) GmbH},
  year = {1988},
  author = {Norbert Schwarz},
  edition = {zweite}
}

@BOOK{Shapira_matrix-based_multigrid_theory_and_application,
  title = {Matrix-based multigrid : theory and applications},
  publisher = {Boston: Kluwer Academic Publishers},
  year = {2003},
  author = {Yair Shapira}
}

@ARTICLE{Yair_Shapira_Moshe_Israeli_Avram_SidiTowards_Automatic_Multigrid_Algorithms_for_SPD_Nonsymmetric_and_Indefinite_Problems,
  author = {Yair Shapira and Moshe Israeli and Avram Sidi},
  title = {Towards Automatic Multigrid Algorithms for SPD, Nonsymmetric and
	Indefinite Problems},
  journal = {SIAM J. Sci. Comput.},
  year = {1996},
  volume = {17},
  pages = {439--453},
  number = {2},
  address = {Philadelphia, PA, USA},
  doi = {http://dx.doi.org/10.1137/S1064827593258838},
  issn = {1064-8275},
  publisher = {Society for Industrial and Applied Mathematics}
}

@ARTICLE{StemmerHarderHansen2006PEPI,
  author = {{Stemmer}, K. and {Harder}, H. and {Hansen}, U.},
  title = {{A new method to simulate convection with strongly temperature- and
	pressure-dependent viscosity in a spherical shell: Applications to
	the Earth's mantle}},
  journal = {Physics of the Earth and Planetary Interiors},
  year = {2006},
  volume = {157},
  pages = {223-249},
  month = aug,
  adsnote = {Provided by the SAO/NASA Astrophysics Data System},
  adsurl = {http://adsabs.harvard.edu/abs/2006PEPI..157..223S},
  doi = {10.1016/j.pepi.2006.04.007}
}

@ARTICLE{Tabata_Slip_Boundary_Conditions_And_rigid_body_movements_in_finite_elements_analysis,
  author = {Masahisa Tabata},
  title = {Slip boundary conditions and rigid body movements in finite element
	analysis},
  journal = {Advances in numerical mathematics},
  year = {1999},
  volume = {12},
  pages = {117-124},
  number = {6},
  address = {Secaucus, NJ, USA},
  publisher = {Gakuto International Series,Mahtematical Sciences and Applications}
}

@ARTICLE{Tackley_YinYangPaper,
  author = {Paul J. Tackley},
  title = {{Modelling Compressible Mantle Convection with Large Viscosity Contrasts
	in Three Dimensional Spherical Shell Using the Yin-Yang Grid}},
  journal = {Physics of the Earth and Planetary Interior, PEPI},
  year = {submitted on 30 October 2007}
}

@ARTICLE{Tromper_Hansen_1996_The_application_of_a_finite_volume_multigrid_method_to_three-dimensional_flow_problems_in_a_highly_viscous_fluid_with_a_variable_viscosity,
  author = {{Trompert}, R.~A. and {Hansen}, U.},
  title = {{The application of a finite volume multigrid method to three-dimensional
	flow problems in a highly viscous fluid with a variable viscosity}},
  journal = {Geophysical and Astrophysical Fluid Dynamics},
  year = {1996},
  volume = {83},
  pages = {261-291},
  month = dec,
  adsnote = {Provided by the SAO/NASA Astrophysics Data System},
  adsurl = {http://adsabs.harvard.edu/abs/1996GApFD..83..261T},
  doi = {10.1080/03091929608208968}
}

@ARTICLE{Trompert_Hansen_Mantle_convection_simulations_with_rheologies_that_generate_plate-like_behaviour,
  author = {{Trompert}, R. and {Hansen}, U.},
  title = {{Mantle convection simulations with rheologies that generate plate-like
	behaviour}},
  journal = {Nature},
  year = {1998},
  volume = {395},
  pages = {686-689},
  month = oct,
  adsnote = {Provided by the SAO/NASA Astrophysics Data System},
  adsurl = {http://adsabs.harvard.edu/abs/1998Natur.395..686T},
  doi = {10.1038/27185}
}

@BOOK{TrottenbergOosterlee,
  title = {Multigrid},
  publisher = {Academic Press (San Diego)},
  year = {2001},
  author = {Ulrich Trottenberg and Cornelius W. Oosterlee and Anton Schüller}
}

@ARTICLE{Vanka_1986_Block-implicit_multigrid_solution_of_Navier-Stokes_equations_in_primitive_variables,
  author = {{Vanka}, S.~P.},
  title = {{Block-implicit multigrid solution of Navier-Stokes equations in
	primitive variables}},
  journal = {Journal of Computational Physics},
  year = {1986},
  volume = {65},
  pages = {138-158},
  month = jul,
  adsnote = {Provided by the SAO/NASA Astrophysics Data System},
  adsurl = {http://adsabs.harvard.edu/abs/1986JCoPh..65..138V},
  keywords = {COMPUTATIONAL FLUID DYNAMICS, COMPUTATIONAL GRIDS, FINITE DIFFERENCE
	THEORY, NAVIER-STOKES EQUATION, PRIMITIVE EQUATIONS, VISCOUS FLOW,
	CAVITIES, DATA SMOOTHING, RUN TIME (COMPUTERS), STEADY FLOW, WALL
	FLOW}
}

@ARTICLE{Finite_element_approximation_of_incompressible_Navier_Stokes_equations_with_slip_boundary_condition,
  author = {R. Verf\"{u}rth},
  title = {Finite element approximation of incompressible Navier-Stokes equations
	with slip boundary condition},
  journal = {Numer. Math.},
  year = {1987},
  volume = {50},
  pages = {697--721},
  number = {6},
  address = {Secaucus, NJ, USA},
  doi = {http://dx.doi.org/10.1007/BF01398380},
  issn = {0029-599X},
  publisher = {Springer-Verlag New York, Inc.}
}

@ARTICLE{Finite_element_approximation_of_incompressible_Navier_Stokes_equations_with_slip_boundary_condition_II,
  author = {R. Verf\"{u}rth},
  title = {Finite element approximation of incompressible Navier-Stokes equations
	with slip boundary condition II},
  journal = {Numer. Math.},
  year = {1987},
  volume = {59},
  pages = {615--636},
  number = {6},
  address = {Secaucus, NJ, USA},
  issn = {0029-599X},
  publisher = {Springer-Verlag New York, Inc.}
}

@BOOK{GiraultRaviart,
  title = {Finite Element Methods for Navier-Stokes Equations},
  publisher = {Springer-Verlag New York, Berlin, Heidelberg},
  year = {1986},
  author = {{Vivette Girault, Pierre-Arnaud Raviart}}
}

@ARTICLE{WHB04,
  author = {{Walzer U. , Hendel R. , Baumgardner J.}},
  title = {The effects of a variation of the radial viscosity profile on mantle
	evolution},
  journal = {Tectonophysics},
  year = {2004},
  volume = {384},
  pages = {55-90}
}

@MISC{DFGMartKoll05,
  author = {{Walzer U., Hendel R., Burghardt T.}},
  title = {Dynamical Models for Mart and Earth: Why has the Present mart neither
	Plates nor Continents},
  howpublished = {{talk at the DFG Mart Kolloquium in Berlin}},
  year = {2005}
}

@INCOLLECTION{Walzer:07b,
  author = {Walzer, U. and Hendel, R. and Baumgardner, J.},
  title = {Whole-mantle convection, continent generation, and preservation of
	geochemical heterogeneity},
  booktitle = {High Performance Computing in Science and Engineering '07},
  publisher = {Springer},
  year = {2008},
  editor = {Nagel, W.E. and W. J{\"a}ger and M. Resch},
  pages = {603-645},
  address = {Berlin}
}

@ARTICLE{Wertman1970_The_creep_strength_of_the_earths_mantle,
  author = {{Weertman}, J.},
  title = {{The Creep Strength of the Earth's Mantle}},
  journal = {Reviews of Geophysics and Space Physics},
  year = {1970},
  volume = {8},
  pages = {145-+},
  month = feb,
  adsnote = {Provided by the SAO/NASA Astrophysics Data System},
  adsurl = {http://adsabs.harvard.edu/abs/1970RvGSP...8..145W}
}

@ARTICLE{Wesseling-Cell-Centered,
  author = {{Wesseling}, P.},
  title = {{Cell-Centered Multigrid for Interface Problems}},
  journal = {Journal of Computational Physics},
  year = {1988},
  volume = {79},
  pages = {85-+},
  month = nov,
  adsnote = {Provided by the SAO/NASA Astrophysics Data System},
  adsurl = {http://adsabs.harvard.edu/abs/1988JCoPh..79...85W}
}

@MISC{WoltersDipl,
  author = {Roland Wolters},
  title = {{Entwicklung einer Testsuite zur numerischen Simulation der Konvektion
	im Erdmantel, Diplomarbeit, Friedrich-Schiller-Universität Jena}},
  year = {2008}
}

@PHDTHESIS{YangDiss,
  author = {Woo-Sun Yang},
  title = {Variable Viscosity Thermal Convection at Infinite Prandtl Number
	in a Thick Spherical Shell},
  school = {University of Illinois at Urbana-Champaign},
  year = {1997}
}

@ARTICLE{Zhong_Gurnis_1996NaturInteraction_of_weak_faults_and_non-newtonian_rheology_produces_plate_tectonics_in_a_3D_model_of_mantle_flow,
  author = {{Zhong}, S. and {Gurnis}, M.},
  title = {{Interaction of weak faults and non-Newtonian rheology produces plate
	tectonics in a 3D model of mantle flow}},
  journal = {Nature},
  year = {1996},
  volume = {383},
  pages = {245-247},
  month = sep,
  adsnote = {Provided by the SAO/NASA Astrophysics Data System},
  adsurl = {http://adsabs.harvard.edu/abs/1996Natur.383..245Z},
  doi = {10.1038/383245a0}
}

@BOOK{Zumbusch-03,
  title = {Parallel Multilevel Methods},
  publisher = {Teubner (Wiesbaden) },
  year = {2003},
  author = {Gerhard Zumbusch},
  edition = {first}
}
@article{scott1990finite,
  title={{Finite element interpolation of nonsmooth functions satisfying boundary conditions}},
  author={Scott, R. and Zhang, S.},
  journal={Mathematics of Computation},
  volume={54},
  number={190},
  pages={483--493},
  year={1990}
}
@article{dohrmann2004stabilized,
  title={A stabilized finite element method for the Stokes problem based on polynomial pressure projections},
  author={Dohrmann, C.R. and Bochev, P.B.},
  journal={International Journal for Numerical Methods in Fluids},
  volume={46},
  number={2},
  pages={183--201},
  year={2004},
  publisher={Wiley Online Library}
}

@article{ciarlet1994handbook,
  title={Handbook of Numerical Analysis, Volume II.-Finite Element Methods (Part I)},
  author={Ciarlet, P.G. and Lions, J.L. and Scott, L.R.},
  journal={SIAM Review},
  volume={36},
  number={2},
  pages={320--320},
  year={1994},
  publisher={Philadelphia, Society for Industrial and Applied Mathematics.}
}
@article{ciarlet1972interpolation,
  title={Interpolation theory over curved elements, with applications to finite element methods},
  author={Ciarlet, P.G. and Raviart, P.A.},
  journal={Computer Methods in Applied Mechanics and Engineering},
  volume={1},
  number={2},
  pages={217--249},
  year={1972},
  publisher={Elsevier}
}
@misc{knuth1992literate,
  title={Literate programming. CSLI},
  author={Knuth, D.E.},
  year={1992},
  doi={10.1093/comjnl/27.2.97},
  publisher={Stanford University, Stanford, CA}
}
@article{leisch2002sweave,
  title={Sweave, part I: Mixing R and LaTeX},
  author={Leisch, F.},
  journal={R News},
  volume={2},
  number={3},
  pages={28--31},
  year={2002}
}
@article{leisch2003sweave,
  title={Sweave, part II: Package vignettes},
  author={Leisch, F.},
  journal={R News},
  volume={3},
  number={2},
  pages={21--24},
  year={2003}
}
@article{burger2009runit,
  title={RUnit: R Unit test framework},
  author={Burger, M. and Juenemann, K. and Koenig, T.},
  journal={R package version 0.4},
  volume={25},
  year={2009}
}
@techreport{certik2008sympy,
  title={SymPy Python library for symbolic mathematics},
  author={Certik, O. and others},
  year={2008},
  institution={Technical report (since 2006), http://code. google. com/p/sympy/(accessed November 2009)}
}
@book{o2009mercurial,
  title={Mercurial: the definitive guide},
  author={O'Sullivan, B.},
  year={2009},
  publisher={Oreilly \& Associates Inc},
  url = {http://mercurial.selenic.com}
}
@ONLINE{TracGuide,
author = {Edgewall Software},
title = {The Trac User and Administration Guide 0.12},
month = jul,
year = {2011},
url = {http://trac.edgewall.org/wiki/TracGuide}
}
@article{inlinedocs,
 title={Sustainable, Extensible
   Documentation Generation using inlinedocs},
 author={Toby Dylan Hocking and Thomas Wutzler and
   Keith Ponting and Philippe Grosjean},
 journal={Journal of Statistical Software},
 year={In press}
}
