/home/mm/bibfiles/wz.bib